@phdthesis{tanaka2013adaptaccao,
  title={Uma adapta{\c{c}}{\~a}o do m{\'e}todo Binary Relevance utilizando {\'a}rvores de decis{\~a}o para problemas de classifica{\c{c}}{\~a}o multirr{\'o}tulo aplicado {\`a} gen{\^o}mica funcional},
  author={Tanaka, Erica Akemi},
  year={2013},
  school={Universidade de S{\~a}o Paulo},
  url={http://www.teses.usp.br/teses/disponiveis/95/95131/tde-22102013-145119/en.php},
  urlaccessdate={27 fev. 2019}
}

@article{resende2018combinaccao,
  title={Combina{\c{c}}{\~a}o de T{\'e}cnicas Convencionais e Baseadas em Redes Complexas para Classifica{\c{c}}{\~a}o Multirr{\'o}tulo},
  author={Resende, Vin{\'\i}cius Henrique and others},
  year={2018},
  publisher={Universidade Federal de Uberl{\^a}ndia},
  url={http://repositorio.ufu.br/handle/123456789/24150},
  urlaccessdate={27 fev. 2019}
}

@article{ururahy2018classificaccao,
  title={Classifica{\c{c}}{\~a}o Multirr{\'o}tulo de Documentos Texto Utilizando a Relev{\^a}ncia Bin{\'a}ria e o Algoritmo Na{\"\i}ve Bayes},
  author={Ururahy, Jos{\'e} Maur{\'\i}cio Karl and Bastos, JLGV and Federici, Alexandre Cesar Maretto and Gon{\c{c}}alves, Eduardo Corr{\^e}a},
  journal={Anais do III Semin{\'a}rio de Estat{\'\i}stica com R, Galo{\'a}},
  year={2018},
  url={https://www.researchgate.net/publication/326330573_CLASSIFICACAO_MULTIRROTULO_DE_DOCUMENTOS_TEXTO_UTILIZANDO_A_RELEVANCIA_BINARIA_E_O_ALGORTIMO_NAIVE_BAYES},
  urlaccessdate={01 mar. 2019}
}

@article{coelho2018prediccao,
  title={Predi{\c{c}}{\~a}o de regi{\~o}es promotoras em Bacillus subtilis atrav{\'e}s do uso de redes neurais artificiais e m{\'a}quinas de vetor de suporte},
  author={Coelho, Rafael Vieira},
  year={2018},
  url={https://repositorio.ucs.br/xmlui/bitstream/handle/11338/3795/Tese%20Rafael%20Vieira%20Coelho.pdf},
  urlaccessdate={21 fev. 2019}
}

@article{zhang2014review,
    author = {Zhang, Min-Ling and Zhou, Zhi-Hua},
    year = {2014},
    month = {08},
    pages = {1819-1837},
    title = {A Review On Multi-Label Learning Algorithms},
    volume = {26},
    journal = {Knowledge and Data Engineering, IEEE Transactions on},
    doi = {10.1109/TKDE.2013.39},
    url={https://www.researchgate.net/publication/263813673_A_Review_On_Multi-Label_Learning_Algorithms},
    urlaccessdate={01 mar. 2019}
}

@article{liu2015multi,
  title={A multi-label classification based approach for sentiment classification},
  author={Liu, Shuhua Monica and Chen, Jiun-Hung},
  journal={Expert Systems with Applications},
  volume={42},
  number={3},
  pages={1083--1093},
  year={2015},
  publisher={Elsevier},
  url={https://www.sciencedirect.com/science/article/pii/S0957417414005181},
  urlaccessdate={01 mar. 2019}
}

@article{gibaja2014,
    author = {Gibaja, Eva and Ventura, Sebastian},
    year = {2014},
    month = {11},
    pages = {},
    title = {Multilabel Learning: A Review of the State of The Art and Ongoing Research},
    journal = {Wiley Interdisciplinary Reviews: Data Mining and Knowledge Discovery},
    doi = {10.1002/widm.1139},
    url = {https://www.researchgate.net/publication/267154292_Multilabel_Learning_A_Review_of_the_State_of_The_Art_and_Ongoing_Research},
    urlaccessdate = {14 mar. 2019}
}

@book{brock2010microbiologia,
  author    = {Madigan, Michael T. and Martinko, John M. and Dunlap, Paul V. and Clark, David P.},
  title     = {Microbiologia de Brock},
  publisher = {Artmed},
  year      = 2010,
  edition   = 12,
  isbn      = {9780132324601}
}

@book{thompson2008genetica,
  author    = {Nussbaum, Robert L. and McInnes, Roderick R. and Willard, Huntington F.},
  title     = {Thompson \& Thompson Genética Médica},
  publisher = {Artmed},
  year      = 2008,
  edition   = 7,
  isbn      = {9788535221497}
}

@book{katti2011inteligencia,
  author    = {Katti Faceli, Ana Carolina Lorena, João Gama, André C. P. L. F. de Carvalho},
  title     = {Inteligência Artificial - Uma Abordagem de Aprendizado de Máquina},
  publisher = {LTC},
  year      = 2011,
  edition   = 1
}  

isbn      = {9788535221497}